@Preamble{"\def\germ{\frak} \def\scr{\cal}
 \ifx\documentclass\undefinedcs
      \def\bf{\fam\bffam\tenbf}\def\rm{\fam0\tenrm}\fi
                          % f**k-amstex!
 \def\defaultdefine#1#2{\expandafter\ifx\csname#1\endcsname\relax
 \expandafter\def\csname#1\endcsname{#2}\fi}
 \defaultdefine{Bbb}{\bf}   \defaultdefine{frak}{\bf}
  \defaultdefine{=}{\B}   % doublef**k-amstex!!
  \defaultdefine{mathfrak}{\frak}
       \defaultdefine{mathbb}{\bf}
       \defaultdefine{mathcal}{\cal}
      \defaultdefine{beth}{BETH}\defaultdefine{cal}{\bf}
     \def\bbfI{{\Bbb I}}   \def\mbox{\hbox}  \def\text{\hbox}
   \def\om{\omega}    \def\Cal#1{{\bf #1}} \def\pcf{pcf}
        \defaultdefine{cf}{cf}
    \defaultdefine{reals}{{\Bbb R}} \defaultdefine{real}{{\Bbb R}}
   \def\restriction{{|}}  \def\club{CLUB}
   \def\w{\omega} \def\exist{\exists}
   \def\se{{\germ se}}     \def\bb{{\bf b}}
   \def\equivalence{\equiv}
   \let\lt<  \let\gt>
           "}

@article{taigman2014deepface,
  title={Deepface: Closing the gap to human-level performance in face verification},
  author={Taigman, Yaniv and Yang, Ming and Ranzato, Marc'Aurelio and Wolf, Lior},
  booktitle={Proceedings of the IEEE Conference on Computer Vision and Pattern Recognition},
  pages={1701--1708},
  year={2014}
},
@inproceedings{schroff2015facenet,
  title={Facenet: A unified embedding for face recognition and clustering},
  author={Schroff, Florian and Kalenichenko, Dmitry and Philbin, James},
  booktitle={Proceedings of the IEEE Conference on Computer Vision and Pattern Recognition},
  pages={815--823},
  year={2015}
},
@article{deng2014deep,
  title={Deep learning: Methods and applications},
  author={Deng, Li and Yu, Dong},
  journal={Foundations and Trends in Signal Processing},
  volume={7},
  number={3--4},
  pages={197--387},
  year={2014},
  publisher={Now Publishers Inc.}
},
@article{lecun1998gradient,
  title={Gradient-based learning applied to document recognition},
  author={LeCun, Yann and Bottou, L{\'e}on and Bengio, Yoshua and Haffner, Patrick},
  journal={Proceedings of the IEEE},
  volume={86},
  number={11},
  pages={2278--2324},
  year={1998},
  publisher={IEEE}
},
@inproceedings{chopra2005learning,
  title={Learning a similarity metric discriminatively, with application to face verification},
  author={Chopra, Sumit and Hadsell, Raia and LeCun, Yann},
  booktitle={IEEE Computer Society Conference on Computer Vision and Pattern Recognition. CVPR.},
  volume={1},
  pages={539--546},
  year={2005},
  organization={IEEE}
},
@techreport{rosenblatt1961principles,
  title={Principles of neurodynamics. perceptrons and the theory of brain mechanisms},
  author={Rosenblatt, Frank},
  year={1961},
  institution={DTIC Document}
},
@inproceedings{liu2003video,
  title={Video-based face recognition using adaptive hidden markov models},
  author={Liu, Xiaoming and Chen, Tsuhan},
  booktitle={IEEE Computer Society Conference on Computer Vision and Pattern Recognition. Proceedings.},
  volume={1},
  pages={I--340},
  year={2003},
  organization={IEEE}
},
@inproceedings{an2012face,
  title={Face recognition in multi-camera surveillance videos using dynamic Bayesian network},
  author={An, Le and Kafai, Mehran and Bhanu, Bir},
  booktitle={Sixth International Conference on Distributed Smart Cameras (ICDSC)},
  pages={1--6},
  year={2012},
  organization={IEEE}
},
@inproceedings{goswami2014mdlface,
  title={MDLFace: Memorability augmented deep learning for video face recognition},
  author={Goswami, Gaurav and Bhardwaj, Romil and Singh, Rajdeep and Vatsa, Mayank},
  booktitle={IEEE International Joint Conference on Biometrics (IJCB).},
  pages={1--7},
  year={2014},
  organization={IEEE}
},
@article{opencv_library,
    author = {Bradski, G.},
    citeulike-article-id = {2236121},
    journal = {Dr. Dobb's Journal of Software Tools},
    keywords = {bibtex-import},
    posted-at = {2008-01-15 19:21:54},
    priority = {4},
    year = {2000}
},
@inproceedings{jia2014caffe,
  title={Caffe: Convolutional architecture for fast feature embedding},
  author={Jia, Yangqing and Shelhamer, Evan and Donahue, Jeff and Karayev, Sergey and Long, Jonathan and Girshick, Ross and Guadarrama, Sergio and Darrell, Trevor},
  booktitle={Proceedings of the ACM International Conference on Multimedia},
  pages={675--678},
  year={2014},
  organization={ACM}
},
@inproceedings{collobert2011torch7,
  title={Torch7: A Matlab-like environment for machine learning},
  author={Collobert, Ronan and Kavukcuoglu, Koray and Farabet, Cl{\'e}ment},
  booktitle={BigLearn, NIPS Workshop},
  number={EPFL-CONF-192376},
  year={2011}
},
@inproceedings{harley2015isvc,
    title = {An Interactive Node-Link Visualization of Convolutional Neural Networks},
    author = {Adam W Harley},
    booktitle = {ISVC},
    pages = {867--877},
    year = {2015}
}